\usepackage[style=alphabetic,maxnames=4,minnames=3,maxbibnames=99]{biblatex}

@article{1,
  title  = {A high-precision measurement method for moment of inertia based on torsion pendulum method},
  author = { H. Cui et. al. (2024) }
}

@article{2,
  title  = {落体法测量刚体转动惯量实验中引起测量值偏离的因素分析},
  author = {王海林，司嵘嵘，李相银.(2021)}
}
@article{3,
  title  = {落体法测刚体转动惯量的测量方法比较},
  author = {郭长立，李三庆.(2005)}
}
