\usepackage[style=alphabetic,maxnames=4,minnames=3,maxbibnames=99]{biblatex}

@article{1,
  title={The Nagorno-Karabakh Conflict: A Historical and Military Analysis.},
  author={Cornell, S. E., & Starr, F. S. (2020).},
}

@article{2,
  title={AI Applications in Border Security and Conflict Management. Journal of Geopolitical Studies.},
  author={Kumar, R., & Sharma, M. (2021).},
}
@article{3,
  title={Modern Military Simulations: AI and Predictive Analysis. Defense Technology Review.},
  author={Smith, J., & Jackson, L. (2022).},
}
@article{4,
  title={AI-Driven Warfare in Syria: A Case Study. Middle Eastern Studies Quarterly.},
  author={Wright, T. (2019). },
}
@article{5,
  title={Reducing Military Errors through Artificial Intelligence. RAND Corporation.},
  author={Davis, P. K. (2020).},
}
@article{6,
  title={AI in Yemen: The Case of Saudi Precision Strikes.},
  author={Al-Jazeera Investigative Team. (2022).},
}
@article{7,
  title={Unmanned Aerial Systems and Ethical Warfare.},
  author={Global Defense Technology. (2023).},
}
@article{8,
  title={Autonomous Weapons and Ethics: Challenges and Opportunities. Ethics in AI Journal.},
  author={Sharkey, N. (2020).},
}
@article{9,
  title={The Status of Autonomous Weapons: A Global Perspective.},
  author={United Nations Office for Disarmament Affairs (2023).},
}
@article{10,
  title={War Torts and the AI Battlefield. Harvard International Law Journal.},
  author={Crootof, R. (2021).},
}
@article{11,
  title={AI and Strategy: Lessons from the Russo-Ukrainian Conflict. European Defense Studies.},
  author={Smith, D. (2023). },
}
@article{12,
  title={The Risks of Autonomous Decision-Making in Warfare. RAND Corporation.},
  author={Roff, H. M. (2022).},
}
@article{13,
  title={Artificial Intelligence and Conflict Deterrence: Opportunities and Risks. Modern Warfare Review.},
  author={Metz, S. (2021).},
}
@article{14,
  title={The New Arms Race: AI in Military Competition. Global Defense Technology.},
  author={Jones, V. (2023).},
}
@article{15,
  title={AI in Yemen: The case of Saudi precision strikes.},
  author={Al-Jazeera Investigative Team. (2022).},
}
@article{16,
  title={The nagorno-karabakh conflict: A historical and military analysis.},
  author={Starr F. S. (2020).},
}
@article{17,
  title={AI applications in border security and conflict management. Journal of Geopolitical Studies.},
  author={Sharma M. & Kumar R. (2021). },
}
@article{18,
  title={(2022). Modern military simulations: AI and predictive analysis. Defense Technology Review.},
  author={Jackson L. & Smith J. (2022). },
}
@article{19,
  title={AI-driven warfare in Syria: A case study. Middle Eastern Studies Quarterly.},
  author={T. Wright. (2019).},
}
@article{20,
  title={Reducing military errors through artificial intelligence. RAND Corporation.},
  author={P. K. Davis. (2020). },
}
@article{21,
  title={ Unmanned aerial systems and ethical warfare.},
  author={Global Defense Technology. (2023).},
}
@article{22,
  title={Autonomous weapons and ethics: Challenges and opportunities. Ethics in AI Journal.},
  author={N. Sharkey. (2020).},
}
@article{23,
  title={The status of autonomous weapons: A global perspective.},
  author={United Nations Office for Disarmament Affairs (2023). },
}
@article{24,
  title={War torts and the AI battlefield. Harvard International Law Journal.},
  author={R. Crootof. (2021). },
}
@article{25,
  title={},
  author={},
}
@article{26,
  title={},
  author={},
}